<record><leader>00000cas a2200000 a 4500</leader><controlfield tag="001">11742325</controlfield><controlfield tag="008">850227d18901892ksuwr ne      0   a0eng d</controlfield><datafield ind1=" " ind2=" " tag="010"><subfield code="a">sn 84030164 </subfield></datafield><datafield ind1=" " ind2=" " tag="040"><subfield code="a">KSH</subfield><subfield code="b">eng</subfield><subfield code="c">KSH</subfield><subfield code="d">NPT</subfield><subfield code="d">OCL</subfield><subfield code="d">OCLCQ</subfield></datafield><datafield ind1=" " ind2=" " tag="042"><subfield code="a">msc</subfield></datafield><datafield ind1="0" ind2="0" tag="245"><subfield code="a">Kansas alliance-union.</subfield></datafield><datafield ind1=" " ind2=" " tag="260"><subfield code="a">Eureka, Kan. :</subfield><subfield code="b">W.B. Cline,</subfield><subfield code="c">1890-1892.</subfield></datafield><datafield ind1=" " ind2=" " tag="300"><subfield code="a">2 v. :</subfield><subfield code="b">ill. ;</subfield><subfield code="c">50 cm.</subfield></datafield><datafield ind1=" " ind2=" " tag="310"><subfield code="a">Weekly</subfield></datafield><datafield ind1="0" ind2=" " tag="362"><subfield code="a">Vol. 1, no. 1 (Apr. 11, 1890)-v. 2, no. 47 (Mar. 4, 1892).</subfield></datafield><datafield ind1=" " ind2=" " tag="500"><subfield code="a">Published by Alliance-Union Pub. Co., Oct. 24, 1890-Mar. 4, 1892.</subfield></datafield><datafield ind1=" " ind2=" " tag="500"><subfield code="a">"Independent."</subfield></datafield><datafield ind1=" " ind2=" " tag="521"><subfield code="a">"Devoted to farmers and laborers."</subfield></datafield><datafield ind1=" " ind2=" " tag="525"><subfield code="a">Supplements included.</subfield></datafield><datafield ind1=" " ind2=" " tag="752"><subfield code="a">United States</subfield><subfield code="b">Kansas</subfield><subfield code="c">Greenwood</subfield><subfield code="d">Eureka.</subfield></datafield><datafield ind1="0" ind2="0" tag="780"><subfield code="t">Hamilton broadaxe</subfield><subfield code="w">(DLC)sn 84030233</subfield></datafield><datafield ind1="0" ind2="0" tag="785"><subfield code="t">Alliance union</subfield><subfield code="w">(DLC)sn 84030163</subfield></datafield></record>